@inproceedings{perera2006multi,
  title={Multi-object tracking through simultaneous long occlusions and split-merge conditions},
  author={Perera, AG Amitha and Srinivas, Chukka and Hoogs, Anthony and Brooksby, Glen and Hu, Wensheng},
  booktitle={Computer Vision and Pattern Recognition, 2006 IEEE Computer Society Conference on},
  volume={1},
  pages={666--673},
  year={2006},
  organization={IEEE}
}

@article{yarkony2015next,
  title={Next generation multicuts for semi-planar graphs},
  author={Yarkony, Julian},
  journal={arXiv preprint arXiv:1511.01994},
  year={2015}
}

@article{bend0,
  title={Ship scheduling and network design for cargo routing in liner shipping},
  author={Agarwal, Richa and Ergun, {\"O}zlem},
  journal={Transportation Science},
  volume={42},
  number={2},
  pages={175--196},
  year={2008},
  publisher={INFORMS}
}

@article{bend1,
  title={A survey on benders decomposition applied to fixed-charge network design problems},
  author={Costa, Alysson M},
  journal={Computers \& operations research},
  volume={32},
  number={6},
  pages={1429--1450},
  year={2005},
  publisher={Elsevier}
}

@article{bend2,
  title={Benders decomposition for simultaneous aircraft routing and crew scheduling},
  author={Cordeau, Jean-Fran{\c{c}}ois and Stojkovi{\'c}, Goran and Soumis, Fran{\c{c}}ois and Desrosiers, Jacques},
  journal={Transportation science},
  volume={35},
  number={4},
  pages={375--388},
  year={2001},
  publisher={INFORMS}
}

@article{bend3,
  title={Multicommodity distribution system design by Benders decomposition},
  author={Geoffrion, Arthur M and Graves, Glenn W},
  journal={Management science},
  volume={20},
  number={5},
  pages={822--844},
  year={1974},
  publisher={INFORMS}
}

@inproceedings{jug2016moral,
  title={Moral lineage tracing},
  author={Jug, Florian and Levinkov, Evgeny and Blasse, Corinna and Myers, Eugene W and Andres, Bjoern},
  booktitle={Proceedings of the IEEE Conference on Computer Vision and Pattern Recognition},
  pages={5926--5935},
  year={2016}
}

@article{keuper2016multi,
  title={A multi-cut formulation for joint segmentation and tracking of multiple objects},
  author={Keuper, Margret and Tang, Siyu and Zhongjie, Yu and Andres, Bjoern and Brox, Thomas and Schiele, Bernt},
  journal={arXiv preprint arXiv:1607.06317},
  year={2016}
}

@inproceedings{tang2016multi,
  title={Multi-person tracking by multicut and deep matching},
  author={Tang, Siyu and Andres, Bjoern and Andriluka, Mykhaylo and Schiele, Bernt},
  booktitle={European Conference on Computer Vision},
  pages={100--111},
  year={2016},
  organization={Springer International Publishing}
}

@inproceedings{rempfler2016minimum,
  title={The minimum cost connected subgraph problem in medical image analysis},
  author={Rempfler, Markus and Andres, Bjoern and Menze, Bjoern H},
  booktitle={International Conference on Medical Image Computing and Computer-Assisted Intervention},
  pages={397--405},
  year={2016},
  organization={Springer International Publishing}
}

@article{kirillov2016instancecut,
  title={Instancecut: from edges to instances with multicut},
  author={Kirillov, Alexander and Levinkov, Evgeny and Andres, Bjoern and Savchynskyy, Bogdan and Rother, Carsten},
  journal={arXiv preprint arXiv:1611.08272},
  year={2016}
}

@article{insafutdinov2016articulated,
  title={Articulated multi-person tracking in the wild},
  author={Insafutdinov, Eldar and Andriluka, Mykhaylo and Pishchulin, Leonid and Tang, Siyu and Andres, Bjoern and Schiele, Bernt},
  journal={arXiv preprint arXiv:1612.01465},
  year={2016}
}

@article{rempfler2017efficient,
  title={Efficient Algorithms for Moral Lineage Tracing},
  author={Rempfler, Markus and Lange, Jan-Hendrik and Jug, Florian and Blasse, Corinna and Myers, Eugene W and Menze, Bjoern H and Andres, Bjoern},
  journal={arXiv preprint arXiv:1702.04111},
  year={2017}
}

@inproceedings{levinkov2017joint,
  title={Joint Graph Decomposition \& Node Labeling: Problem, Algorithms, Applications},
  author={Levinkov, Evgeny and Uhrig, Jonas and Tang, Siyu and Omran, Mohamed and Insafutdinov, Eldar and Kirillov, Alexander and Rother, Carsten and Brox, Thomas and Schiele, Bernt and Andres, Bjoern},
  booktitle={IEEE Conference on Computer Vision and Pattern Recognition (CVPR)},
  year={2017}
}

@article{wang2016efficient,
  title={Efficient Pose and Cell Segmentation using Column Generation},
  author={Wang, Shaofei and Zhang, Chong and Gonzalez-Ballester, Miguel A and Yarkony, Julian},
  journal={arXiv preprint arXiv:1612.00437},
  year={2016}
}

@inproceedings{vondrick2013hoggles,
  title={Hoggles: Visualizing object detection features},
  author={Vondrick, Carl and Khosla, Aditya and Malisiewicz, Tomasz and Torralba, Antonio},
  booktitle={Proceedings of the IEEE International Conference on Computer Vision},
  pages={1--8},
  year={2013}
}

@inproceedings{dalal2005histograms,
  title={Histograms of oriented gradients for human detection},
  author={Dalal, Navneet and Triggs, Bill},
  booktitle={Computer Vision and Pattern Recognition, 2005. CVPR 2005. IEEE Computer Society Conference on},
  volume={1},
  pages={886--893},
  year={2005},
  organization={IEEE}
}

@article{felzenszwalb2010object,
  title={Object detection with discriminatively trained part-based models},
  author={Felzenszwalb, Pedro F and Girshick, Ross B and McAllester, David and Ramanan, Deva},
  journal={IEEE transactions on pattern analysis and machine intelligence},
  volume={32},
  number={9},
  pages={1627--1645},
  year={2010},
  publisher={IEEE}
}

@techreport{felzenszwalb2004distance,
  title={Distance transforms of sampled functions},
  author={Felzenszwalb, Pedro and Huttenlocher, Daniel},
  year={2004},
  institution={Cornell University}
}

@article{felzenszwalb2005pictorial,
  title={Pictorial structures for object recognition},
  author={Felzenszwalb, Pedro F and Huttenlocher, Daniel P},
  journal={International journal of computer vision},
  volume={61},
  number={1},
  pages={55--79},
  year={2005},
  publisher={Springer}
}


@article{vance1998branch,
  title={Branch-and-price algorithms for the one-dimensional cutting stock problem},
  author={Vance, Pamela H},
  journal={Computational optimization and applications},
  volume={9},
  number={3},
  pages={211--228},
  year={1998},
  publisher={Springer}
}

@article{barnhart2000using,
  title={Using branch-and-price-and-cut to solve origin-destination integer multicommodity flow problems},
  author={Barnhart, Cynthia and Hane, Christopher A and Vance, Pamela H},
  journal={Operations Research},
  volume={48},
  number={2},
  pages={318--326},
  year={2000},
  publisher={INFORMS}
}

@article{ropke2009branch,
  title={Branch and cut and price for the pickup and delivery problem with time windows},
  author={Ropke, Stefan and Cordeau, Jean-Fran{\c{c}}ois},
  journal={Transportation Science},
  volume={43},
  number={3},
  pages={267--286},
  year={2009},
  publisher={INFORMS}
}


@article{gilmore1965multistage,
  title={Multistage cutting stock problems of two and more dimensions},
  author={Gilmore, PC and Gomory, Ralph E},
  journal={Operations research},
  volume={13},
  number={1},
  pages={94--120},
  year={1965},
  publisher={INFORMS}
}


@Inbook{Tang2016,
author="Tang, Siyu
and Andres, Bjoern
and Andriluka, Mykhaylo
and Schiele, Bernt",
editor="Hua, Gang
and J{\'e}gou, Herv{\'e}",
title="Multi-person Tracking by Multicut and Deep Matching",
bookTitle="Computer Vision -- ECCV 2016 Workshops: Amsterdam, The Netherlands, October 8-10 and 15-16, 2016, Proceedings, Part II",
year="2016",
%publisher="Springer International Publishing",
%address="Cham",
%pages="100--111",
%isbn="978-3-319-48881-3",
%doi="10.1007/978-3-319-48881-3_8",
%url="http://dx.doi.org/10.1007/978-3-319-48881-3_8"
}

@article{insafutdinov2016articulated,
  title={Articulated Multi-person Tracking in the Wild},
  author={Insafutdinov, Eldar and Andriluka, Mykhaylo and Pishchulin, Leonid and Tang, Siyu and Andres, Bjoern and Schiele, Bernt},
  journal={arXiv preprint arXiv:1612.01465},
  year={2016}
}

@inproceedings{andriluka14cvpr,
  title={2d human pose estimation: New benchmark and state of the art analysis},
  author={Andriluka, Mykhaylo and Pishchulin, Leonid and Gehler, Peter and Schiele, Bernt},
  booktitle={Proceedings of the IEEE Conference on Computer Vision and Pattern Recognition},
  pages={3686--3693},
  year={2014}
}

@article{deva1,
  title={Object detection with discriminatively trained part-based models},
  author={Felzenszwalb, Pedro F and Girshick, Ross B and McAllester, David and Ramanan, Deva},
  journal={IEEE transactions on pattern analysis and machine intelligence},
  volume={32},
  number={9},
  pages={1627--1645},
  year={2010},
  publisher={IEEE}
}

@inproceedings{deva2,
  title={A discriminatively trained, multiscale, deformable part model},
  author={Felzenszwalb, Pedro and McAllester, David and Ramanan, Deva},
  booktitle={Computer Vision and Pattern Recognition, 2008. CVPR 2008. IEEE Conference on},
  pages={1--8},
  year={2008},
  organization={IEEE}
}

@inproceedings{deva3,
  title={Articulated pose estimation with flexible mixtures-of-parts},
  author={Yang, Yi and Ramanan, Deva},
  booktitle={Computer Vision and Pattern Recognition (CVPR), 2011 IEEE Conference on},
  pages={1385--1392},
  year={2011},
  organization={IEEE}
}

@incollection{heismann2014generalization,
  title={A generalization of odd set inequalities for the set packing problem},
  author={Heismann, Olga and Bornd{\"o}rfer, Ralf},
  booktitle={Operations Research Proceedings 2013},
  pages={193--199},
  year={2014},
  publisher={Springer}
}

@article{hinton2012deep,
  title={Deep neural networks for acoustic modeling in speech recognition: The shared views of four research groups},
  author={Hinton, Geoffrey and Deng, Li and Yu, Dong and Dahl, George E and Mohamed, Abdel-rahman and Jaitly, Navdeep and Senior, Andrew and Vanhoucke, Vincent and Nguyen, Patrick and Sainath, Tara N and others},
  journal={IEEE Signal Processing Magazine},
  volume={29},
  number={6},
  pages={82--97},
  year={2012},
  publisher={IEEE}
}

@article{wu2015deep,
  title={Deep image: Scaling up image recognition},
  author={Wu, Ren and Yan, Shengen and Shan, Yi and Dang, Qingqing and Sun, Gang},
  journal={arXiv preprint arXiv:1501.02876},
  volume={7},
  number={8},
  year={2015},
  publisher={Arxiv}
}

@inproceedings{krizhevsky2012imagenet,
  title={Imagenet classification with deep convolutional neural networks},
  author={Krizhevsky, Alex and Sutskever, Ilya and Hinton, Geoffrey E},
  booktitle={Advances in neural information processing systems},
  pages={1097--1105},
  year={2012}
}

@article{boros2002pseudo,
  title={Pseudo-boolean optimization},
  author={Boros, Endre and Hammer, Peter L},
  journal={Discrete applied mathematics},
  volume={123},
  number={1},
  pages={155--225},
  year={2002},
  publisher={Elsevier}
}

@inproceedings{rother2007optimizing,
  title={Optimizing binary MRFs via extended roof duality},
  author={Rother, Carsten and Kolmogorov, Vladimir and Lempitsky, Victor and Szummer, Martin},
  booktitle={2007 IEEE Conference on Computer Vision and Pattern Recognition},
  pages={1--8},
  year={2007},
  organization={IEEE}
}

@inproceedings{ZhangSchwingICCV2015,
  author = {Z. Zhang$^\ast$ and A.~G. Schwing$^\ast$ and S. Fidler and R. Urtasun},
  title = {{Monocular Object Instance Segmentation and Depth Ordering with CNNs}},
  booktitle = {Proc. ICCV},
  year = {2015},
  note = {$^\ast$ equal contribution},
}



@inproceedings{deepcut1,
    author = {Eldar Insafutdinov and Leonid Pishchulin and Bjoern Andres and Mykhaylo Andriluka and Bernt Schiele},
    title = {DeeperCut: A Deeper, Stronger, and Faster Multi-Person Pose Estimation Model},
    booktitle = {ECCV},
    year = {2016},
    note = {(Accepted)},
}

@inproceedings{deepcut2,
    author = {Leonid Pishchulin
        and Eldar Insafutdinov
        and Siyu Tang
        and Bjoern Andres
        and Miykhaylo Andriluka 
        and Peter Gehler
        and Bernt Schiele},
    title = {{DeepCut}: Joint Subset Partition and Labeling for Multi Person Pose Estimation},
    year = {2016},
    booktitle = {CVPR},
}

@inproceedings{yarkony2015planar,
  title={Planar ultrametrics for image segmentation},
  author={Yarkony, Julian and Fowlkes, Charless},
  booktitle={Advances in Neural Information Processing Systems},
  pages={64--72},
  year={2015}
}

@article{besag1986statistical,
  title={On the statistical analysis of dirty pictures},
  author={Besag, Julian},
  journal={Journal of the Royal Statistical Society. Series B (Methodological)},
  pages={259--302},
  year={1986},
  publisher={JSTOR}
}

@article{boykov2001fast,
  title={Fast approximate energy minimization via graph cuts},
  author={Boykov, Yuri and Veksler, Olga and Zabih, Ramin},
  journal={IEEE Transactions on pattern analysis and machine intelligence},
  volume={23},
  number={11},
  pages={1222--1239},
  year={2001},
  publisher={IEEE}
}

@article{boykov2004experimental,
  title={An experimental comparison of min-cut/max-flow algorithms for energy minimization in vision},
  author={Boykov, Yuri and Kolmogorov, Vladimir},
  journal={IEEE transactions on pattern analysis and machine intelligence},
  volume={26},
  number={9},
  pages={1124--1137},
  year={2004},
  publisher={IEEE}
}

@inproceedings{kappes2010mrf,
  title={MRF inference by k-fan decomposition and tight Lagrangian relaxation},
  author={Kappes, J{\"o}rg Hendrik and Schmidt, Stefan and Schn{\"o}rr, Christoph},
  booktitle={European Conference on Computer Vision},
  pages={735--747},
  year={2010},
  organization={Springer}
}


@article{yarkoNips2016,
  title={Tracking Objects with Higher Order Interactions using Delayed Column Generation},
  author={Wang, Shaofei and Wolf, Steffen and Fowlkes, Charless and Yarkony, Julian},
  journal={Artificial Intelligence and Statistics },
  year={2017}
}

@article{MOTChallenge2015,
	title = {{MOTC}hallenge 2015: {T}owards a Benchmark for Multi-Target Tracking},
	shorttitle = {MOTChallenge 2015},
	url = {http://arxiv.org/abs/1504.01942},
	journal = {arXiv:1504.01942 [cs]},
	author = {Leal-Taix\'{e}, L. and Milan, A. and Reid, I. and Roth, S. and Schindler, K.},
	month = apr,
	year = {2015},
	note = {arXiv: 1504.01942},
	keywords = {Computer Science - Computer Vision and Pattern Recognition}
}

@inproceedings{moral,
    author = {Florian Jug
        and Evgeny Levinkov
        and Corinna Blasse
        and Eugene W. Myers
        and Bjoern Andres},
    title = {Moral Lineage Tracing},
    year = {2016},
    booktitle = {CVPR},
}


@article{blackman2004multiple,
  title={Multiple hypothesis tracking for multiple target tracking},
  author={Blackman, Samuel S},
  journal={Aerospace and Electronic Systems Magazine, IEEE},
  volume={19},
  number={1},
  pages={5--18},
  year={2004},
  publisher={IEEE}
}

@inproceedings{kim2015multiple,
  title={Multiple Hypothesis Tracking Revisited},
  author={Kim, Chanho and Li, Fuxin and Ciptadi, Arridhana and Rehg, James M},
  booktitle={Proceedings of the IEEE International Conference on Computer Vision},
  pages={4696--4704},
  year={2015}
}


@article{welling2012structured,
  title={Structured region graphs: Morphing EP into GBP},
  author={Welling, Max and Minka, Thomas P and Teh, Yee Whye},
  journal={arXiv preprint arXiv:1207.1426},
  year={2012}
}

@incollection{komodakis2008beyond,
  title={Beyond loose LP-relaxations: Optimizing MRFs by repairing cycles},
  author={Komodakis, Nikos and Paragios, Nikos},
  booktitle={Computer Vision--ECCV 2008},
  pages={806--820},
  year={2008},
  publisher={Springer}
}

@inproceedings{globerson2015hard,
  title={How Hard is Inference for Structured Prediction?},
  author={Globerson, Amir and Roughgarden, Tim and Sontag, David and Yildirim, Cafer},
  booktitle={Proceedings of the 32nd International Conference on Machine Learning (ICML-15)},
  pages={2181--2190},
  year={2015}
}

@article{poore1993lagrangian,
  title={A Lagrangian relaxation algorithm for multidimensional assignment problems arising from multitarget tracking},
  author={Poore, Aubrey P and Rijavec, Nenad},
  journal={SIAM Journal on Optimization},
  volume={3},
  number={3},
  pages={544--563},
  year={1993},
  publisher={SIAM}
}

@article{yarkony2015tracking,
  title={Tracking Objects with Higher Order Interactions using Delayed Column Generation},
  author={Wang, Shaofei and Wolf,Steffen and  Fowlkes,Charless and Yarkony, Julian},
  journal={arXiv preprint arXiv:1512.02413},
  year={2016}
}

@inproceedings{brendel2011multiobject,
  title={Multiobject tracking as maximum weight independent set},
  author={Brendel, William and Amer, Mohamed and Todorovic, Sinisa},
  booktitle={Computer Vision and Pattern Recognition (CVPR), 2011 IEEE Conference on},
  pages={1273--1280},
  year={2011},
  organization={IEEE}
}


@inproceedings{wang2015learning,
  title={Learning Optimal Parameters For Multi-target Tracking},
  author={Wang, Shaofei and Fowlkes, Charless},
  booktitle={British Machine Vision Conference},
  year={2015}
}
@inproceedings{pirsiavash2011globally,
  title={Globally-optimal greedy algorithms for tracking a variable number of objects},
  author={Pirsiavash, Hamed and Ramanan, Deva and Fowlkes, Charless C},
  booktitle={Computer Vision and Pattern Recognition (CVPR), 2011 IEEE Conference on},
  pages={1201--1208},
  year={2011},
  organization={IEEE}
}

@article{tracker1,
  author    = {Visesh Chari and
               Simon Lacoste{-}Julien and
               Ivan Laptev and
               Josef Sivic},
  title     = {On Pairwise Cost for Multi-Object Network Flow Tracking},
  journal   = {CoRR},
  volume    = {abs/1408.3304},
  year      = {2014}
}
@inproceedings{tracker2,
        AUTHOR = "Butt, A.A. and Collins, R.T.",
        TITLE = "Multi-target Tracking by Lagrangian Relaxation to Min-cost Network
Flow",
        BOOKTITLE = CVPR13,
        YEAR = "2013",
        PAGES = "1846-1853",
}

@inproceedings{trackerbio,
    author = {Siyu Tang and Bjoern Andres and Miykhaylo Andriluka and Bernt Schiele},
    title = {Subgraph Decomposition for Multi-Target Tracking},
    year = {2015},
    booktitle = {CVPR},
}


@inproceedings{andres2,
    author = {Bernhard X. Kausler and Martin Schiegg and Bjoern Andres and Martin Lindner and Ullrich K\"othe and Heike Leitte and Jochen Wittbrodt and Lars Hufnagel and Fred A. Hamprecht},
    title = {A Discrete Chain Graph Model for {3D}+t Cell Tracking with High Misdetection Robustness},
    year = {2012},
    booktitle = {ECCV},
    doi={10.1007/978-3-642-33712-3\_11}
}

@article{sontagstrucinf,
  author    = {Amir Globerson and Tim Roughgarden and  David Sontag and Cafer Yildirimy},
  title     = {How Hard is Inference for Structured Prediction},
journal = {Proceedings of the 32nd International Conference on Machine Learning (ICML 2015)},
  year      = {2015},
}


@inproceedings{belanger2013marginal,
  title={Marginal inference in MRFs using Frank-Wolfe},
  author={Belanger, David and Sheldon, Daniel and McCallum, Andrew},
  booktitle={NIPS Workshop on Greedy Optimization, Frank-Wolfe and Friends},
  year={2013}
}

@inproceedings{krishnan2015barrier,
  title={Barrier Frank-Wolfe for marginal inference},
  author={Krishnan, Rahul G and Lacoste-Julien, Simon and Sontag, David},
  booktitle={Advances in Neural Information Processing Systems},
  pages={532--540},
  year={2015}
}

@article{jensen1906fonctions,
  title={Sur les fonctions convexes et les in{\'e}galit{\'e}s entre les valeurs moyennes},
  author={Jensen, Johan Ludwig William Valdemar},
  journal={Acta Mathematica},
  volume={30},
  number={1},
  pages={175--193},
  year={1906},
  publisher={Springer}
}

@article{mises1929praktische,
  title={Praktische Verfahren der Gleichungsaufl{\"o}sung.},
  author={Mises, RV and Pollaczek-Geiringer, Hilda},
  journal={ZAMM-Journal of Applied Mathematics and Mechanics/Zeitschrift f{\"u}r Angewandte Mathematik und Mechanik},
  volume={9},
  number={2},
  pages={152--164},
  year={1929},
  publisher={Wiley Online Library}
}
@incollection{hinton,
 author = {Rumelhart, D. E. and Hinton, G. E. and Williams, R. J.},
 chapter = {Learning Internal Representations by Error Propagation},
 title = {Parallel Distributed Processing: Explorations in the Microstructure of Cognition, Vol. 1},
 editor = {Rumelhart, David E. and McClelland, James L. and PDP Research Group, CORPORATE},
 year = {1986},
 isbn = {0-262-68053-X},
 pages = {318--362},
 numpages = {45},
 url = {http://dl.acm.org/citation.cfm?id=104279.104293},
 acmid = {104293},
 publisher = {MIT Press},
 address = {Cambridge, MA, USA}
} 

@article{baldi2014searching,
  title={Searching for exotic particles in high-energy physics with deep learning},
  author={Baldi, Pierre and Sadowski, Peter and Whiteson, Daniel},
  journal={Nature communications},
  volume={5},
  year={2014},
  publisher={Nature Publishing Group}
}
@inproceedings{krizhevsky2012imagenet,
  title={Imagenet classification with deep convolutional neural networks},
  author={Krizhevsky, Alex and Sutskever, Ilya and Hinton, Geoffrey E},
  booktitle={Advances in neural information processing systems},
  pages={1097--1105},
  year={2012}
}

@article{pollastri2002improving,
  title={Improving the prediction of protein secondary structure in three and eight classes using recurrent neural networks and profiles},
  author={Pollastri, Gianluca and Przybylski, Darisz and Rost, Burkhard and Baldi, Pierre},
  journal={Proteins: Structure, Function, and Bioinformatics},
  volume={47},
  number={2},
  pages={228--235},
  year={2002},
  publisher={Wiley Online Library}
}

@ARTICLE{lars,
    author = {Bradley Efron and Trevor Hastie and Iain Johnstone and Robert Tibshirani},
    title = {Least angle regression},
    journal = {Annals of Statistics},
    year = {2004},
    volume = {32},
    pages = {407--499}
}

@inproceedings{caruanamodel,
  title={Model compression},
  author={Bucilu?, Cristian and Caruana, Rich and Niculescu-Mizil, Alexandru},
  booktitle={Proceedings of the 12th ACM SIGKDD international conference on Knowledge discovery and data mining},
  pages={535--541},
  year={2006},
  organization={ACM}
}

@article{sparsecode,
  title={Sparse coding with an overcomplete basis set: A strategy employed by V1?},
  author={Olshausen, Bruno A and Field, David J},
  journal={Vision research},
  volume={37},
  number={23},
  pages={3311--3325},
  year={1997},
  publisher={Elsevier}
}

@inproceedings{papandreou2011perturb,
  title={Perturb-and-map random fields: Using discrete optimization to learn and sample from energy models},
  author={Papandreou, George and Yuille, Alan L},
  booktitle={Computer Vision (ICCV), 2011 IEEE International Conference on},
  pages={193--200},
  year={2011},
  organization={IEEE}
}

@inproceedings{welling2009herding,
  title={Herding dynamical weights to learn},
  author={Welling, Max},
  booktitle={Proceedings of the 26th Annual International Conference on Machine Learning},
  pages={1121--1128},
  year={2009},
  organization={ACM}
}

@article{conjpriowish,
  title={Conjugate Bayesian analysis of the Gaussian distribution},
  author={Murphy, Kevin P},
  journal={def},
  volume={1},
  number={2$\sigma$2},
  pages={16},
  year={2007}
}

@techreport{pagerank,
          number = {1999-66},
           month = {November},
          author = {Lawrence Page and Sergey Brin and Rajeev Motwani and Terry Winograd},
            note = {Previous number = SIDL-WP-1999-0120},
           title = {The PageRank Citation Ranking: Bringing Order to the Web.},
            type = {Technical Report},
       publisher = {Stanford InfoLab},
            year = {1999},
     institution = {Stanford InfoLab},
             url = {http://ilpubs.stanford.edu:8090/422/}
             }


@article{baldi2012autoencoders,
  title={Autoencoders, unsupervised learning, and deep architectures},
  author={Baldi, Pierre},
  journal={Unsupervised and Transfer Learning Challenges in Machine Learning, Volume 7},
  pages={43},
  year={2012}
}

@article{LDACITE,
 author = {Blei, David M. and Ng, Andrew Y. and Jordan, Michael I.},
 title = {Latent Dirichlet Allocation},
 journal = {J. Mach. Learn. Res.},
 issue_date = {3/1/2003},
 volume = {3},
 month = mar,
 year = {2003},
 issn = {1532-4435},
 pages = {993--1022},
 numpages = {30},
 url = {http://dl.acm.org/citation.cfm?id=944919.944937},
 acmid = {944937},
 publisher = {JMLR.org},
} 

@article{terrycite,
  title={An information-maximization approach to blind separation and blind deconvolution},
  author={Bell, Anthony J and Sejnowski, Terrence J},
  journal={Neural computation},
  volume={7},
  number={6},
  pages={1129--1159},
  year={1995}
}


@Article{jordonbook,
author="Jordan, Michael I.
and Ghahramani, Zoubin
and Jaakkola, Tommi S.
and Saul, Lawrence K.",
title="An Introduction to Variational Methods for Graphical Models",
journal="Machine Learning",
volume="37",
number="2",
pages="183--233",
doi="10.1023/A:1007665907178",
url="http://dx.doi.org/10.1023/A:1007665907178"
}



@article{yarkony1974interaction,
  title={Interaction potential between two rigid HF molecules},
  author={Yarkony, David R and O'Neil, Stephen V and Schaefer III, Henry F and Baskin, Craig P and Bender, Charles F},
  journal={The Journal of Chemical Physics},
  volume={60},
  number={3},
  pages={855--865},
  year={1974},
  publisher={AIP Publishing}
}

@article{dadcite,
  title={Modern Electronic Structure Theory},
  author={Bartlett, RJ and Yarkony, DR},
  journal={Part I, World Scientific, Singapore},
  pages={1047},
  year={1995}
}

@INPROCEEDINGS{Roweis98emalgorithms,
    author = {Sam Roweis},
    title = {EM Algorithms for PCA and SPCA},
    booktitle = {in Advances in Neural Information Processing Systems},
    year = {1998},
    pages = {626--632},
    publisher = {MIT Press}
}

@MISC{wellingunsupold,
    author = {M. Weber and M. Welling and P. Perona},
    title = {Unsupervised Learning of Models for Visual Object Class Recognition},
    year = {1999}
}

@ARTICLE{tensorsurvay,
      author       = {Grasedyck, Lars and Kressner, Daniel and Tobler, Christine},
      title        = {A literature survey of low-rank tensor approximation
                      techniques},
      journal      = {GAMM-Mitteilungen},
      volume       = {36},
      number       = {1},
      issn         = {0936-7195},
      address      = {Weinheim},
      publisher    = {Wiley-VCH},
      pages        = {53-78},
      year         = {2013},
      ddc          = {Mathematik},
      cid          = {$I:(DE-82)110000_20140620$ / $I:(DE-82)111620_20140620$},
      typ          = {PUB:(DE-HGF)16},
      doi          = {10.1002/gamm.201310004},
      url          = {http://publications.rwth-aachen.de/record/445231}
}

@inproceedings{methodcitemoment,
  author    = {Animashree Anandkumar and
               Daniel Hsu and
               Sham M. Kakade},
  title     = {A Method of Moments for Mixture Models and Hidden Markov Models},
  booktitle = {{COLT} 2012 - The 25th Annual Conference on Learning Theory, June
               25-27, 2012, Edinburgh, Scotland},
  pages     = {33.1--33.34},
  year      = {2012},
  crossref  = {DBLP:conf/colt/2012},
  url       = {http://www.jmlr.org/proceedings/papers/v23/anandkumar12/anandkumar12.pdf},
  timestamp = {Thu, 11 Sep 2014 07:28:56 +0200},
  biburl    = {http://dblp.uni-trier.de/rec/bib/journals/jmlr/AnandkumarHK12},
  bibsource = {dblp computer science bibliography, http://dblp.org}
}

@article{L1cite,
author = "Efron, Bradley and Hastie, Trevor and Johnstone, Iain and Tibshirani, Robert",
doi = "10.1214/009053604000000067",
fjournal = "The Annals of Statistics",
journal = "Ann. Statist.",
month = "04",
number = "2",
pages = "407--499",
publisher = "The Institute of Mathematical Statistics",
title = "Least angle regression",
url = "http://dx.doi.org/10.1214/009053604000000067",
volume = "32",
year = "2004"
}


@INPROCEEDINGS{eigenfaces, 
author={Turk, M.A. and Pentland, A.P.}, 
booktitle={Computer Vision and Pattern Recognition, 1991. Proceedings CVPR '91., IEEE Computer Society Conference on}, 
title={Face recognition using eigenfaces}, 
year={1991}, 
pages={586-591}, 
keywords={computerised pattern recognition;eigenvalues and eigenfunctions;eigenfaces;eigenvectors;face images;face recognition system;face space;feature space;human faces;two-dimensional recognition;unsupervised learning;Character recognition;Computational modeling;Computer vision;Eyes;Face detection;Face recognition;Head;Humans;Image recognition;Nose}, 
doi={10.1109/CVPR.1991.139758}, 
ISSN={1063-6919}, 
month={Jun}
}

@book{tensorbook,
 author = {Itskov, Mikhail},
 title = {Tensor Algebra and Tensor Analysis for Engineers: With Applications to Continuum Mechanics},
 year = {2009},
 isbn = {3540939067, 9783540939061},
 edition = {2nd},
 publisher = {Springer Publishing Company, Incorporated}
} 


@article{commdetect,
    author = {Gauvin, Laetitia AND Panisson, Andr� AND Cattuto, Ciro},
    journal = {PLoS ONE},
    publisher = {Public Library of Science},
    title = {Detecting the Community Structure and Activity Patterns of Temporal Networks: A Non-Negative Tensor Factorization Approach},
    year = {2014},
    month = {01},
    volume = {9},
    url = {http://dx.doi.org/10.1371%2Fjournal.pone.0086028},
    pages = {e86028},
    number = {1},
    doi = {10.1371/journal.pone.0086028}
}        



@book{baldibook,
 author = {Baldi, Pierre and Brunak, S{\o}ren},
 title = {Bioinformatics: The Machine Learning Approach},
 year = {2001},
 isbn = {0-262-02506-X},
 edition = {2nd},
 publisher = {MIT Press},
 address = {Cambridge, MA, USA}
} 

@ARTICLE{Dempster77maximumlikelihood,
    author = {A. P. Dempster and N. M. Laird and D. B. Rubin},
    title = {Maximum likelihood from incomplete data via the EM algorithm},
    journal = {JOURNAL OF THE ROYAL STATISTICAL SOCIETY, SERIES B},
    year = {1977},
    volume = {39},
    number = {1},
    pages = {1--38}
}

@ARTICLE{boydl1,
    author = {Kwangmoo Koh and Seung-jean Kim and Stephen Boyd and Yi Lin},
    title = {An interior-point method for large-scale l1-regularized logistic regression},
    journal = {Journal of Machine Learning Research},
    year = {2007},
    volume = {2007}
}

@book{boyd,
 author = {Boyd, Stephen and Vandenberghe, Lieven},
 title = {Convex Optimization},
 year = {2004},
 isbn = {0521833787},
 publisher = {Cambridge University Press},
 address = {New York, NY, USA},
} 

@Inbook{gaussmix,
author="Reynolds, Douglas",
editor="Li, Stan Z.
and Jain, Anil",
chapter="Gaussian Mixture Models",
title="Encyclopedia of Biometrics",
year="2009",
publisher="Springer US",
address="Boston, MA",
pages="659--663",
isbn="978-0-387-73003-5",
doi="10.1007/978-0-387-73003-5_196",
url="http://dx.doi.org/10.1007/978-0-387-73003-5_196"
}



@article{animatensor,
 author = {Anandkumar, Animashree and Ge, Rong and Hsu, Daniel and Kakade, Sham M. and Telgarsky, Matus},
 title = {Tensor Decompositions for Learning Latent Variable Models},
 journal = {J. Mach. Learn. Res.},
 issue_date = {January 2014},
 volume = {15},
 number = {1},
 month = jan,
 year = {2014},
 issn = {1532-4435},
 pages = {2773--2832},
 numpages = {60},
 url = {http://dl.acm.org/citation.cfm?id=2627435.2697055},
 acmid = {2697055},
 publisher = {JMLR.org},
 keywords = {latent variable models, method of moments, mixture models, power method, tensor decompositions, topic models}
} 


@article{chenouard14,
    abstract = {{The first community competition designed to objectively compare the performance of particle tracking algorithms provides valuable practical information for both users and developers.}},
    author = {Chenouard, Nicolas and Smal, Ihor and de Chaumont, Fabrice and Maska, Martin and Sbalzarini, Ivo F. and Gong, Yuanhao and Cardinale, Janick and Carthel, Craig and Coraluppi, Stefano and Winter, Mark and Cohen, Andrew R. and Godinez, William J. and Rohr, Karl and Kalaidzidis, Yannis and Liang, Liang and Duncan, James and Shen, Hongying and Xu, Yingke and Magnusson, Klas E. G. and Jalden, Joakim and Blau, Helen M. and Paul-Gilloteaux, Perrine and Roudot, Philippe and Kervrann, Charles and Waharte, Francois and Tinevez, Jean-Yves and Shorte, Spencer L. and Willemse, Joost and Celler, Katherine and van Wezel, Gilles P. and Dan, Han-Wei and Tsai, Yuh-Show and de Solorzano, Carlos O. and Olivo-Marin, Jean-Christophe and Meijering, Erik},
    journal = {Nature Methods},
    month = jan,
    number = {3},
    pages = {281--289},
    publisher = {Nature Publishing Group},
    title = {{Objective comparison of particle tracking methods}},
    volume = {11},
    year = {2014}
}


@INPROCEEDINGS{branchimportant, 
author={Leal-Taixe, L. and Pons-Moll, G. and Rosenhahn, B.}, 
booktitle={Computer Vision and Pattern Recognition (CVPR), 2012 IEEE Conference on}, 
title={Branch-and-price global optimization for multi-view multi-target tracking}, 
year={2012}, 
pages={1987-1994}, 
month={June}
}

@INPROCEEDINGS{lagtrack, 
author={Butt, A.A. and Collins, R.T.}, 
booktitle={Computer Vision and Pattern Recognition (CVPR), 2013 IEEE Conference on}, 
title={Multi-target Tracking by Lagrangian Relaxation to Min-cost Network Flow}, 
year={2013}, 
pages={1846-1853}, 
month={June}
}

@ARTICLE{multitracpeople, 
author={Ben Shitrit, H. and Berclaz, J. and Fleuret, F. and Fua, P.}, 
journal={Pattern Analysis and Machine Intelligence, IEEE Transactions on}, 
title={Multi-Commodity Network Flow for Tracking Multiple People}, 
year={2014}, 
volume={36}, 
number={8}, 
pages={1614-1627}, 
month={Aug}
}


@INPROCEEDINGS{charmore, 
author={Leibe, B. and Schindler, K. and Van Gool, L.}, 
booktitle={Computer Vision, 2007. ICCV 2007. IEEE 11th International Conference on}, 
title={Coupled Detection and Trajectory Estimation for Multi-Object Tracking}, 
year={2007}, 
pages={1-8}, 
month={Oct}
}

@INPROCEEDINGS{lpattack, 
author={Hao Jiang and Fels, S. and Little, J.J.}, 
booktitle={Computer Vision and Pattern Recognition, 2007. CVPR '07. IEEE Conference on}, 
title={A Linear Programming Approach for Multiple Object Tracking}, 
year={2007}, 
pages={1-8}, 
month={June}
}

@INPROCEEDINGS{pertrack, 
author={Perera, A.G.A. and Srinivas, C. and Hoogs, A. and Brooksby, G. and Wensheng Hu}, 
booktitle={Computer Vision and Pattern Recognition, 2006 IEEE Computer Society Conference on}, 
title={Multi-Object Tracking Through Simultaneous Long Occlusions and Split-Merge Conditions}, 
year={2006}, 
volume={1}, 
pages={666-673}, 
month={June}
}

@INPROCEEDINGS{char1, 
author={Junliang Xing and Haizhou Ai and Shihong Lao}, 
booktitle={Computer Vision and Pattern Recognition, 2009. CVPR 2009. IEEE Conference on}, 
title={Multi-object tracking through occlusions by local tracklets filtering and global tracklets association with detection responses}, 
year={2009}, 
pages={1200-1207}, 
month={June}
}

@incollection{hextrack,
year={2010},
booktitle={Computer Vision ? ECCV 2010},
title={Globally Optimal Multi-target Tracking on a Hexagonal Lattice},
publisher={Springer Berlin Heidelberg},
author={Andriyenko, Anton and Schindler, Konrad},
pages={466-479},
language={English}
}


@ARTICLE{kshort, 
author={Berclaz, J. and Fleuret, F. and Turetken, E. and Fua, P.}, 
journal={Pattern Analysis and Machine Intelligence, IEEE Transactions on}, 
title={Multiple Object Tracking Using K-Shortest Paths Optimization}, 
year={2011}, 
volume={33}, 
number={9}, 
pages={1806-1819}, 
month={Sept}
}

@inproceedings{bjoern1,
    author = {Margret Keuper and Evgeny Levinkov and Nicolas Bonneel and Guillaume Lavou\'{e} and Thomas Brox and Bjoern Andres},
    title = {Efficient Decomposition of Image and Mesh Graphs by Lifted Multicuts},
    year = {2015},
    booktitle = {ICCV}
}

@inproceedings{bjoern2,
    author = {Margret Keuper and Bjoern Andres and Thomas Brox},
    title = {Motion Trajectory Segmentation via Minimum Cost Multicuts},
    year = {2015},
    booktitle = {ICCV}
}

@inproceedings{bjoern3,
    author = {Siyu Tang and Bjoern Andres and Miykhaylo Andriluka and Bernt Schiele},
    title = {Subgraph Decomposition for Multi-Target Tracking},
    year = {2015},
    booktitle = {CVPR}
}
@INPROCEEDINGS{flownet, 
author={Li Zhang and Yuan Li and Nevatia, R.}, 
booktitle={Computer Vision and Pattern Recognition, 2008. CVPR 2008. IEEE Conference on}, 
title={Global data association for multi-object tracking using network flows}, 
year={2008}, 
pages={1-8}, 
month={June}
}

@ARTICLE{barnprice,
    author = {Cynthia Barnhart and Ellis L. Johnson and George L. Nemhauser and Martin W. P. Savelsbergh and Pamela H. Vance},
    title = {Branch-and-Price: Column Generation for Solving Huge Integer Programs},
    journal = {Operations Research},
    year = {1996},
    volume = {46},
    pages = {316--329}
}



@inproceedings{karp,
  author = {Karp, Richard M.},
  editor = {Miller, Raymond E. and Thatcher, James W.},
    pages = {85-103},
  publisher = {Plenum Press, New York},
  series = {The IBM Research Symposia Series},
  title = {Reducibility Among Combinatorial Problems.},
  year = {1972}
}



@article{cuttingstock,
  author    = { P Gilmore and R Gomory},
  title     = {A Linear Programming Approach to the Cutting-Stock Problem},
journal = {Operations Research (volume 9)},
  year      = {1961}
}

@article{siofei,
  author    = { S. Wang, and C. Fowlkes},
  title     = {Learning Optimal Parameters for Multi-target Tracking},
journal = {British  Machine Vision Conference },
  year      = {2015}
}

@article{hammad,
  author    = { Hammad Pirsiavasha and Deva Ramanan, and Charless  Fowlkes},
  title     = {Globally-Optimal Greedy Algorithms for Tracking a Variable Number of Objects},
journal = {Computer Vision and Pattern Recognition  },
  year      = {2011}
}
@article{tracker1,
  author    = {Visesh Chari and
               Simon Lacoste{-}Julien and
               Ivan Laptev and
               Josef Sivic},
  title     = {On Pairwise Cost for Multi-Object Network Flow Tracking},
  journal   = {CoRR},
  volume    = {abs/1408.3304},
  year      = {2014}
}
@inproceedings{tracker2,
        AUTHOR = "Butt, A.A. and Collins, R.T.",
        TITLE = "Multi-target Tracking by Lagrangian Relaxation to Min-cost Network
Flow",
        BOOKTITLE = CVPR13,
        YEAR = "2013",
        PAGES = "1846-1853",
}

@inproceedings{trackerbio,
    author = {Siyu Tang and Bjoern Andres and Miykhaylo Andriluka and Bernt Schiele},
    title = {Subgraph Decomposition for Multi-Target Tracking},
    year = {2015},
    booktitle = {CVPR},
}


@inproceedings{andres2,
    author = {Bernhard X. Kausler and Martin Schiegg and Bjoern Andres and Martin Lindner and Ullrich K\"othe and Heike Leitte and Jochen Wittbrodt and Lars Hufnagel and Fred A. Hamprecht},
    title = {A Discrete Chain Graph Model for {3D}+t Cell Tracking with High Misdetection Robustness},
    year = {2012},
    booktitle = {ECCV},
    doi={10.1007/978-3-642-33712-3\_11}
}

@article{sontagstrucinf,
  author    = {Amir Globerson and Tim Roughgarden and  David Sontag and Cafer Yildirimy},
  title     = {How Hard is Inference for Structured Prediction},
journal = {Proceedings of the 32nd International Conference on Machine Learning (ICML 2015)},
  year      = {2015},
}

@article{hallwoman2,
  author    = {Sam Hallman and
               Charless C. Fowlkes},
  title     = {Oriented Edge Forests for Boundary Detection},
  journal   = {Computer Vision and Pattern Recognition (CVPR), 2015 IEEE Conference on},
  year      = {2015}
}

@article{liftedbjoern,
author= {Keuper M and  Levinkov E and  Bonneel N and  Lavou� G and Brox T and Andres B},
title = {Efficient Decomposition of Image and Mesh Graphs by Lifted Multicuts},
journal = {ICCV '15},
year = {2015}
}


@inproceedings{creflodollar,
 author = {Dollar, Piotr and Zitnick, C. Lawrence},
 title = {Structured Forests for Fast Edge Detection},
 booktitle = {Proceedings of the 2013 IEEE International Conference on Computer Vision},
 series = {ICCV '13},
 year = {2013},
 pages = {1841--1848}
} 

@ARTICLE{slic, 
author={Achanta, R. and Shaji, A. and Smith, K. and Lucchi, A. and Fua, P. and S�sstrunk, S.}, 
journal={Pattern Analysis and Machine Intelligence, IEEE Transactions on}, 
title={SLIC Superpixels Compared to State-of-the-Art Superpixel Methods}, 
year={2012}, 
month={Nov}, 
volume={34}, 
number={11}, 
pages={2274-2282}
}

@ARTICLE{maxcutuni, 
author={Shih, W.-K. and Sun Wu and Kuo, Y.S.}, 
journal={Computers, IEEE Transactions on}, 
title={Unifying maximum cut and minimum cut of a planar graph}, 
year={1990}, 
month={May}, 
volume={39}, 
number={5}, 
pages={694-697}
}

@article{analpcc,
	Author = {Julian Yarkony},
	Date-Added = {2015-01-19 04:34:29 +0000},
	Date-Modified = {2015-01-19 04:34:51 +0000},
	Journal = {NIPS 2014 workshop},
	Title = {Analyzing PlanarCC},
	Year = {2014}
	}

@article{Deepseg,
	Address = {Los Alamitos, CA, USA},
	Author = {Clement Farabet and Camille Couprie and Laurent Najman and Yann LeCun},
	Journal = {IEEE Transactions on Pattern Analysis and Machine Intelligence},
	Number = {8},
	Pages = {1915-1929},
	Publisher = {IEEE Computer Society},
	Title = {Learning Hierarchical Features for Scene Labeling},
	Volume = {35},
	Year = {2013}
	}

@inproceedings{glojak06,
  title={Approximate inference using planar graph decomposition},
  author={Amir Globerson and   Tommi  Jaakkola },
  booktitle={Advances in Neural Information Processing Systems 19: Proceedings of the 2006 Conference},
  volume={19},
  pages={473},
  year={2006},
  organization={MIT Press}
}

@inproceedings{sontag2,
	Address = {Corvallis, Oregon},
	Author = {David Sontag and Do Kook Choe and Yitao Li},
	Booktitle = {Proceedings of the Twenty-Eighth Conference on Uncertainty in Artificial Intelligence ({UAI}-12)},
	Pages = {795--804},
	Publisher = {AUAI Press},
	Title = {Efficiently Searching for Frustrated Cycles in {MAP} Inference},
	Year = {2012}
	}

@inproceedings{pccg,
	Author = {Julian Yarkony and Alexander T. Ihler and Charless Fowlkes},
	Booktitle = {UAI'11},
	Pages = {761-769},
	Title = {Planar Cycle Covering Graphs},
	Year = {2011}}
	
@inproceedings{nips15work,
	Author = {Julian Yarkony},
	Booktitle = {Proceedings of the Neural Information Processing Systems Optimization in Machine Learning Workshop (OPT-ML)},
	Title = {Next Generation Multicuts for Semi-Planar Graphs},
	Year = {2015}}

@inproceedings{HPlanarCC,
	Author = {Julian Yarkony and Charless Fowlkes},
	Booktitle = {Neural Information Processing Systems},
	Title = {Planar Ultrametrics for Image Segmentation},
	Year = {2015}}

@article{jullev,
	Author = {Julian Yarkony and Ragib Morshed and Alexander T. Ihler and Charless C. Fowlkes},
	Journal = {UAI 2011},
	Title = {Tightening {MRF} Relaxations with Planar Subproblems},
	Year = {2011}}

@article{Dong2013,
	Author = {Dong Jianwu and Chen, Feng and Cheng, Qiang and Wang, Song},
	Journal = {Neurocomputing},
	Keywords = {Markov random fields; MAP inference; Dual decomposition; LP relaxation; Planar subproblems},
	Pages = {453-460},
	Publisher = {Elsevier Science},
	Title = {A new criterion for choosing planar subproblems in MAP-MRF inference},
	Volume = {120},
	Year = {2013}}

@inproceedings{Schraudolph10,
  title={Polynomial-time exact inference in NP-hard binary MRFs via reweighted perfect matching},
  author={Schraudolph, Nic},
  booktitle={International Conference on Artificial Intelligence and Statistics},
  pages={717--724},
  year={2010}
}

@inproceedings{batra2010beyond,
  title={Beyond trees: MRF inference via outer-planar decomposition},
  author={Batra, Dhruv and Gallagher, Andrew C and Parikh, Devi and Chen, Tsuhan},
  booktitle={Computer Vision and Pattern Recognition (CVPR), 2010 IEEE Conference on},
  pages={2496--2503},
  year={2010},
  organization={IEEE}
}

@article{kolmblos,
	Author = {Kolmogorov, Vladimir},
	Journal = {Mathematical Programming Computation},
	Keywords = {68R10},
	Language = {English},
	Number = {1},
	Pages = {43-67},
	Publisher = {Springer-Verlag},
	Title = {Blossom V: a new implementation of a minimum cost perfect matching algorithm},
	Volume = {1},
	Year = {2009}
}
@inproceedings{gpbreal,
	Author = {Michael Maire and Pablo Arbelaez and Charless Fowlkes and Jitendra Malik},
	Booktitle = {Computer Vision and Pattern Recognition},
	Pages = {1--8},
	Title = {{Using contours to detect and localize junctions in natural images}},
	Year = {2008}
	}

@article{hallwoman,
	Author = {Sam Hallman and Charless Fowlkes},
	Journal = {Technical Report on arxiv},
	Title = {Oriented Edge Forests for Boundary Detection},
	Year = {2015}
	}

@article{hijy,
	Author = {Julian Yarkony and Chong Zhang and Charless Fowlkes},
	Journal = {Energy Minimization in Computer Vision and Pattern recognition (EMMCVPR)},
	Title = {Hierarchical Planar Correlation Clustering for Cell Segmentation},
	Year = {2015
	}}


@inproceedings{cutgluecut,
  title={Cut, Glue, and Cut: A Fast, Approximate Solver for Multicut Partitioning},
  author={Beier, Thorsten and Kroeger, Thorben and Kappes, Jorg H and Kothe, Ullrich and Hamprecht, Fred A},
  booktitle={Computer Vision and Pattern Recognition (CVPR), 2014 IEEE Conference on},
  pages={73--80},
  year={2014}
}

@inproceedings{baldiyark,
	Author = {Julian Yarkony and Thorsten Beier and Pierre Baldi and Fred A Hamprecht},
	booktitle = {New Frontiers in Mining Complex Patterns (NFMCP 2014)},
	Title = {Parallel Multicut Segmentation via Dual Decomposition},
	Year = {2014}
	}



@article{yarkzhangfred,
	oanguage = {English},
	Author = {Julian Yarkony and Chong Zhang and Fred Hamprecht},
	Journal = {MICCAI},
	Title = {Cell detection and segmentation using correlation clustering},
	Year = {2014}
	}

@inproceedings{zhanyarko,
	Author = {Zhang, Chong and Yarkony, Julian and Hamprecht, Fred A.},
	Booktitle = {Medical Image Computing and Computer-Assisted Intervention MICCAI 2014},
	Pages = {9-16},
	Title = {Cell Detection and Segmentation Using Correlation Clustering},
	Volume = {8673},
	Year = {2014}
}

@inproceedings{superPx,
	Author = {Xiaofeng Ren and Malik, J.},
	Booktitle = {Ninth IEEE International Conference on Computer Vision and Pattern Recognition (CVPR 2003)},
	Month = {Oct},
	Pages = {10-17 vol.1},
	Title = {Learning a classification model for segmentation},
	Year = {2003}}

@conference{ilastik_0_5,
	Author = {Christoph Sommer and Christoph Straehle and Ullrich Kothe and Fred A. Hamprecht},
	Booktitle = {Eighth IEEE International Symposium on Biomedical Imaging (ISBI 2011)},
	Title = {"ilastik: Interactive Learning and Segmentation Toolkit"},
	Year = {2011}}

@inproceedings{Arteta12,
	Author = {Arteta, Carlos. and Lempitsky, Victor. and Noble, J.~Allison. and Zisserman, Andrew},
	Booktitle = {Fifteenth Annual Medical Information Computing and Computer Assisted Intervention (MICCAI, 2012)},
	Pages = {348--356},
	Title = {{Learning to Detect Cells Using Non-overlapping Extremal Regions}},
	Volume = {7510},
	Year = {2012}}

@conference{Liu_isbi14,
	Author = {Fijun Liu and Fuyong Xing and Lin Yang},
	Booktitle = {Eleventh IEEE International Symposium on Biomedical Imaging (ISBI 2014)},
	Pages = {1381--1384},
	Title = {{Robust muscle cell segmentation using region selection with dynamic programming}},
	Year = {2014}}

@article{Su_media13,
	Author = {Hang Su and Zhaozheng Yin and Seungil Hun and Takeo Kanade},
	Journal = {Medical Image Analysis},
	Pages = {746--765},
	Title = {Cell segmentation in phase contrast microscopy images via semi-supervised classification over optics-related features},
	Volume = {17},
	Year = {2013}}

@conference{Su_isbi14,
	Author = {Hang Su and Zhaozheng Yin and Takeo Kanade and Seungil Hun},
	Booktitle = {Eleventh IEEE International Symposium on Biomedical Imaging (ISBI 2014)},
	Pages = {1267--1270},
	Title = {{Interactive cell segmentation based on correction propagation}},
	Year = {2014}}

@inproceedings{Wu_miccai12,
	Author = {Zheng Wu and Danna Gurari and Joyce Wong and Margrit Betke},
	Booktitle = {Fifteenth Annual Medical Information Computing and Computer Assisted Intervention (MICCAI, 2012)},
	Pages = {389--396},
	Title = {{Hierarchical Partial Matching and Segmentation of Interacting Cells}},
	Volume = {7510},
	Year = {2012}}

@conference{Zhang_isbi14,
	Author = {Chong Zhang and Florian Huber and Michael Knop and Fred .~A. Hamprecht},
	Booktitle = {Eleventh IEEE International Symposium on Biomedical Imaging (ISBI 2014)},
	Pages = {1267--1270},
	Title = {{Yeast Cell Detection and Segmentation in Bright Field Microscopy}},
	Year = {2014}} 

@inproceedings{PlanarCC,
	Author = {Julian Yarkony and Alexander Ihler and Charless Fowlkes},
	Booktitle = {Proceedings of the 12th European Conference on Computer Vision(ECCV 2012)},
	Title = {Fast Planar Correlation Clustering for Image Segmentation},
	Year = {2012}}

@inproceedings{planarcceccv,
	Author = {Julian Yarkony and Alexander Ihler and Charless Fowlkes},
	Booktitle = {Proceedings of the 12th European Conference on Computer Vision:(ECCV-12)},
	Title = {Fast Planar Correlation Clustering for Image Segmentation},
	Year = {2012}}

@phdthesis{jydis,
	Author = {Julian Yarkony},
	School = {University of California Irvine},
	Title = {MAP Inference in Planar Markov Random Fields with. Applications to Computer Vision},
	Year = {2012}}

@article{UCM,
	Author = {Arbelaez, Pablo and Maire, Michael and Fowlkes, Charless and Malik, Jitendra},
	Issue_Date = {May 2011},
	Journal = {IEEE Trans. Pattern Anal. Mach. Intell.},
	Month = may,
	Number = {5},
	Pages = {898-916},
	Title = {Contour Detection and Hierarchical Image Segmentation},
	Volume = {33},
	Year = {2011}}

@inproceedings{treemet,
	Author = {Nir Ailon and Moses Charikar},
	Booktitle = {Proceedings of the Symposium on Foundations of Computer Science},
	Pages = {73--82},
	Title = {Fitting tree metrics: Hierarchical clustering and phylogeny},
	Year = {2005}}

@inproceedings{sontag,
	Author = {David Sontag and Talya Meltzer and Amir Globerson and Tommi Jaakkola and Yair Weiss},
	Booktitle = {Proceedings of the Twenty-Fourth Conference Annual Conference on Uncertainty in Artificial Intelligence (UAI-08)},
	Month = {july},
	Pages = {503-510},
	Title = {Tightening LP Relaxations for MAP using Message Passing},
	Year = {2008}}

@inproceedings{planargc,
	Author = {Schmidt, F.R. and Toppe, E. and Cremers, D.},
	Booktitle = {Computer Vision and Pattern Recognition, 2009. CVPR 2009. IEEE Conference on},
	Month = {june},
	Pages = {351-356},
	Title = {Efficient planar graph cuts with applications in Computer Vision},
	Year = {2009}}

@inproceedings{QPBO,
	Author = {Rother, C. and Kolmogorov, V. and Lempitsky, V. and Szummer, M.},
	Booktitle = {Computer Vision and Pattern Recognition, 2007. CVPR '07. IEEE Conference on},
	Month = {june},
	Pages = {1-8},
	Title = {Optimizing Binary MRFs via Extended Roof Duality},
	Year = {2007}}

@inproceedings{ilpalg,
	Author = {Bjoern Andres and Joerg H. Kappes and Thorsten Beier and Ullrich Kothe and Fred A. Hamprecht},
	Booktitle = {Proceedings of the Fifth International Conference on Computer Vision (ICCV-11)},
	Pages = {2611-2618},
	Title = {Probabilistic image segmentation with closedness constraints},
	Year = {2011}}

@inproceedings{Andres2012,
	Author = {Bjoern Andres and Thorben Kroger and Kevin L. Briggman and Winfried Denk and Natalya Korogod and Graham Knott and Ullrich Kothe and Fred. A. Hamprecht},
	Booktitle = {Proceedings of the Twelveth International Conference on Computer Vision (ECCV-12)},
	Title = {Globally optimal closed-surface segmentation for connectomics},
	Year = {2012}}

@inproceedings{bagon,
	Author = {Shai Bagon and Meirav Galun},
	Booktitle = {CoRR, abs/1112.2903},
	Date-Modified = {2015-01-12 16:51:53 +0000},
	Title = {Large scale correlation clustering},
	Year = {2011}}

@inproceedings{AndresYarkony2013,
	Author = {Bjoern Andres and Julian Yarkony and B. S. Manjunath and Stephen Kirchhoff and Engin Turetken and Charless Fowlkes and Hanspeter Pfister.},
	Booktitle = {Proceedings of the Ninth Conference on Energy Minimization in Computer Vision and Pattern Recognition (EMMCVPR-13)},
	Title = {Segmenting planar superpixel adjacency graphs w.r.t. non-planar superpixel affinity graphs.},
	Year = {2013}}

@inproceedings{highcc,
	Author = {Sungwoong Kim and Sebastian Nowozin and Pushmeet Kohli and Chang Dong Yoo},
	Booktitle = {Advances in Neural Information Processing Systems,25},
	Pages = {1530-1538},
	Title = {Higher-Order Correlation Clustering for Image Segmentation},
	Year = {2011}}

@inproceedings{bsdspaper,
	Author = {David Martin and Charless Fowlkes and Doron Tal and Jitendra Malik},
	Booktitle = {Proceedings of the Eighth International Conference on Computer Vision (ICCV-01)},
	Pages = {416-423},
	Title = {A database of human segmented natural images and its application to evaluating segmentation algorithms and measuring ecological statistics},
	Year = {2001}}

@inproceedings{higherorderreduction3,
	Author = {Kohli, Pushmeet and Kumar, M. Pawan},
	Booktitle = {Computer Vision and Pattern Recognition (CVPR), 2010 IEEE Conference on},
	Month = {june},
	Pages = {1863-1870},
	Title = {Energy minimization for linear envelope MRFs.},
	Year = 2010}

@inproceedings{corclustorig,
	Author = {Nikhil Bansal and Avrim Blum and Shuchi Chawla},
	Booktitle = {Journal of Machine Learning},
	Pages = {238-247},
	Title = {Correlation Clustering},
	Year = {2002}}

@article{fisher2,
	Author = {Michael E. Fisher},
	Journal = {Journal of Mathematical Physics},
	Number = {10},
	Pages = {1776-1781},
	Title = {On the Dimer Solution of Planar Ising Models},
	Volume = {7},
	Year = {1966}}

@article{ncuts,
	Author = {Jianbo Shi and Jitendra Malik},
	Journal = {IEEE Transactions on Pattern Analysis and Machine Intelligence},
	Pages = {888-905},
	Title = {Normalized Cuts and Image Segmentation},
	Volume = {22},
	Year = {1997}}

@article{alphagraph,
	Author = {Yuri Boykov and Olga Veksler and Ramin Zabih},
	Journal = {IEEE Transactions on Pattern Analysis and Machine Intelligence},
	Pages = {2001},
	Title = {Fast approximate energy minimization via graph cuts},
	Volume = {23},
	Year = {2001}}

@article{nphardplanar,
	Author = {Yoram Bachrach and Pushmeet Kohli and Vladimir Kolmogorov and Morteza Zadimoghaddam},
	Bibsource = {DBLP, http://dblp.uni-trier.de},
	Ee = {http://arxiv.org/abs/1108.5248},
	Journal = {CoRR},
	Title = {Optimal Coalition Structures in Graph Games},
	Volume = {abs/1108.5248},
	Year = {2011}}

@article{gpbpaper,
	Author = {Martin, David R. and Fowlkes, Charless C. and Malik, Jitendra},
	Issue_Date = {May 2004},
	Journal = {IEEE Trans. Pattern Anal. Mach. Intell.},
	Month = {May},
	Number = {5},
	Pages = {530-549},
	Title = {Learning to Detect Natural Image Boundaries Using Local Brightness, Color, and Texture Cues},
	Volume = {26},
	Year = {2004}}

@article{Bar3,
	Author = {F Barahona and A Mahjoub.},
	Journal = {Mathematical Programming},
	Month = {September},
	Number = {1-3},
	Pages = {157-173},
	Title = {On the cut polytope},
	Volume = {60},
	Year = {1986}}

@article{Bar1,
	Author = {F Barahona},
	Journal = {Journal of Physics A: Mathematical, Nuclear and General},
	Month = {april},
	Number = {10},
	Pages = {3241-3253},
	Title = {On the computational complexity of Ising spin glass models},
	Volume = {15},
	Year = {1982}}

@article{Bar2,
	Author = {F Barahona},
	Journal = {Mathematical Programming},
	Month = {november},
	Number = {2},
	Pages = {53-68},
	Title = {On cuts and matchings in planar graphs},
	Volume = {36},
	Year = {1991}
	}

@article{subgradopt,
	Author = {S Boyd and L Xiao and A Mutapcic},
	Journal = {lecture notes of EE392o, Stanford University},
	Title = {Sub-gradient methods},
	Year = {2003}
	}


@article{junk,
  title={Tracking Objects with Higher Order Interactions using Delayed Column Generation},
  author={Wolf, Steffen and Hamprecht, Fred and Yarkony, Julian},
  journal={arXiv preprint arXiv:1512.02413},
  year={2016}
}
@book{bt,
	Author = {Schramm, H. and Zowe, J.},
	Publisher = {Mathematisches Inst.},
	Series = {Report},
	Title = {A version of the bundle idea for minimizing a nonsmooth function: conceptual idea, convergence analysis, numerical results},
	Year = {1990}
}
@article{graphcut3n,
	Author = {Boykov, Yuri and Funka-Lea, Gareth},
	Issue_Date = {November 2006},
	Journal = {International Journal of Computer Vision},
	Month = nov,
	Number = {2},
	Pages = {109-131},
	Title = {Graph Cuts and Efficient N-D Image Segmentation},
	Volume = {70},
	Year = {2006}
	}

@inproceedings{devip,
	Author = {L. Zitnick and D. Parikh},
	Booktitle = {Computer Vision and Pattern Recognition, 2012. CVPR 2012. IEEE Conference on},
	Month = {june},
	Title = {The Role of Image Understanding in Contour Detection},
	Year = {2012}}

@inproceedings{langley00,
	Address = {Stanford, CA},
	Author = {P. Langley},
	Booktitle = {Proceedings of the 17th International Conference on Machine Learning (ICML 2000)},
	Editor = {Pat Langley},
	Pages = {1207--1216},
	Publisher = {Morgan Kaufmann},
	Title = {Crafting Papers on Machine Learning},
	Year = {2000}}

@techreport{mitchell80,
	Address = {New Brunswick, MA},
	Author = {T. M. Mitchell},
	Institution = {Computer Science Department, Rutgers University},
	Title = {The Need for Biases in Learning Generalizations},
	Year = {1980}}

@phdthesis{kearns89,
	Author = {M. J. Kearns},
	School = {Department of Computer Science, Harvard University},
	Title = {Computational Complexity of Machine Learning},
	Year = {1989}}

@book{MachineLearningI,
	Address = {Palo Alto, CA},
	Editor = {R. S. Michalski and J. G. Carbonell and T. M. Mitchell},
	Publisher = {Tioga},
	Title = {Machine Learning: An Artificial Intelligence Approach, Vol. I},
	Year = {1983}}

@book{DudaHart2nd,
	Author = {R. O. Duda and P. E. Hart and D. G. Stork},
	Edition = {2nd},
	Publisher = {John Wiley and Sons},
	Title = {Pattern Classification},
	Year = {2000}}

@misc{anonymous,
	Author = {Author, N. N.},
	Title = {Suppressed for Anonymity},
	Year = {2011}}

@incollection{Newell81,
	Address = {Hillsdale, NJ},
	Author = {A. Newell and P. S. Rosenbloom},
	Booktitle = {Cognitive Skills and Their Acquisition},
	Chapter = {1},
	Editor = {J. R. Anderson},
	Pages = {1--51},
	Publisher = {Lawrence Erlbaum Associates, Inc.},
	Title = {Mechanisms of Skill Acquisition and the Law of Practice},
	Year = {1981}}

@article{Samuel59,
	Author = {A. L. Samuel},
	Journal = {IBM Journal of Research and Development},
	Number = {3},
	Pages = {211--229},
	Title = {Some Studies in Machine Learning Using the Game of Checkers},
	Volume = {3},
	Year = {1959}}

@inproceedings{yao2012describing,
  title={Describing the scene as a whole: Joint object detection, scene classification and semantic segmentation},
  author={Yao, Jian and Fidler, Sanja and Urtasun, Raquel},
  booktitle={Computer Vision and Pattern Recognition (CVPR), 2012 IEEE Conference on},
  pages={702--709},
  year={2012},
  organization={IEEE}
}

@inproceedings{gould2009region,
  title={Region-based segmentation and object detection},
  author={Gould, Stephen and Gao, Tianshi and Koller, Daphne},
  booktitle={Advances in neural information processing systems},
  pages={655--663},
  year={2009}
}

@article{shi2000normalized,
  title={Normalized cuts and image segmentation},
  author={Shi, Jianbo and Malik, Jitendra},
  journal={Pattern Analysis and Machine Intelligence, IEEE Transactions on},
  volume={22},
  number={8},
  pages={888--905},
  year={2000},
  publisher={IEEE}
}

@inproceedings{ailon2005fitting,
  title={Fitting tree metrics: Hierarchical clustering and phylogeny},
  author={Ailon, Nir and Charikar, Moses},
  booktitle={Foundations of Computer Science, 2005. FOCS 2005. 46th Annual IEEE Symposium on},
  pages={73--82},
  year={2005},
  organization={IEEE}
}

@book{deza1997geometry,
  title={Geometry of cuts and metrics},
  author={Deza, Michel and Laurent, Monique},
  volume={15},
  year={1997},
  publisher={Springer Science \& Business Media}
}



@inproceedings{langley00,
 author    = {P. Langley},
 title     = {Crafting Papers on Machine Learning},
 year      = {2000},
 pages     = {1207--1216},
 editor    = {Pat Langley},
 booktitle     = {Proceedings of the 17th International Conference
              on Machine Learning (ICML 2000)},
 address   = {Stanford, CA},
 publisher = {Morgan Kaufmann}
}

@TechReport{mitchell80,
  author = 	 "T. M. Mitchell",
  title = 	 "The Need for Biases in Learning Generalizations",
  institution =  "Computer Science Department, Rutgers University",
  year = 	 "1980",
  address =	 "New Brunswick, MA"
}

@phdthesis{kearns89,
  author = {M. J. Kearns},
  title =  {Computational Complexity of Machine Learning},
  school = {Department of Computer Science, Harvard University},
  year =   {1989}
}

@Book{MachineLearningI,
  editor = 	 "R. S. Michalski and J. G. Carbonell and T.
		  M. Mitchell",
  title = 	 "Machine Learning: An Artificial Intelligence
		  Approach, Vol. I",
  publisher = 	 "Tioga",
  year = 	 "1983",
  address =	 "Palo Alto, CA"
}

@Book{DudaHart2nd,
  author =       "R. O. Duda and P. E. Hart and D. G. Stork",
  title =        "Pattern Classification",
  publisher =    "John Wiley and Sons",
  edition =      "2nd",
  year =         "2000"
}

@misc{anonymous,
  title= {Suppressed for Anonymity},
  author= {Author, N. N.},
  year= {2011}
}

@InCollection{Newell81,
  author =       "A. Newell and P. S. Rosenbloom",
  title =        "Mechanisms of Skill Acquisition and the Law of
                  Practice", 
  booktitle =    "Cognitive Skills and Their Acquisition",
  pages =        "1--51",
  publisher =    "Lawrence Erlbaum Associates, Inc.",
  year =         "1981",
  editor =       "J. R. Anderson",
  chapter =      "1",
  address =      "Hillsdale, NJ"
}


@Article{Samuel59,
  author = 	 "A. L. Samuel",
  title = 	 "Some Studies in Machine Learning Using the Game of
		  Checkers",
  journal =	 "IBM Journal of Research and Development",
  year =	 "1959",
  volume =	 "3",
  number =	 "3",
  pages =	 "211--229"
}

@article{MOTChallenge2015,
	title = {{MOTC}hallenge 2015: {T}owards a Benchmark for Multi-Target Tracking},
	shorttitle = {MOTChallenge 2015},
	journal = {arXiv:1504.01942 [cs]},
	author = {Leal-Taix\'{e}, L. and Milan, A. and Reid, I. and Roth, S. and Schindler, K.},
	year = {2015},
}

@article{MOTA,
 author = {Bernardin, Keni and Stiefelhagen, Rainer},
 title = {Evaluating Multiple Object Tracking Performance: The CLEAR MOT Metrics},
 journal = {Journal on Image Video Processing},
 doi = {10.1155/2008/246309},
 year = {2008},
}
